<record><leader>00000cas a22000007a 4500</leader><controlfield tag="001">18617223</controlfield><controlfield tag="008">881017d19741981pauwr ne      0    0eng d</controlfield><datafield ind1=" " ind2=" " tag="010"><subfield code="a">sn 88079603 </subfield></datafield><datafield ind1=" " ind2=" " tag="040"><subfield code="a">NPH</subfield><subfield code="b">eng</subfield><subfield code="c">NPH</subfield><subfield code="d">OCLCQ</subfield></datafield><datafield ind1=" " ind2=" " tag="042"><subfield code="a">msc</subfield></datafield><datafield ind1="0" ind2="4" tag="245"><subfield code="a">The Times of the Boyertown area.</subfield></datafield><datafield ind1="1" ind2="7" tag="246"><subfield code="a">Boyertown times</subfield></datafield><datafield ind1="1" ind2="7" tag="246"><subfield code="a">Times</subfield></datafield><datafield ind1=" " ind2=" " tag="260"><subfield code="a">Boyertown, Pa. :</subfield><subfield code="b">Berks-Mont Newspapers, Inc.,</subfield><subfield code="c">1974-1981.</subfield></datafield><datafield ind1=" " ind2=" " tag="300"><subfield code="a">v. :</subfield><subfield code="b">ill. ;</subfield><subfield code="c">38-57 cm.</subfield></datafield><datafield ind1=" " ind2=" " tag="310"><subfield code="a">Weekly</subfield></datafield><datafield ind1="0" ind2=" " tag="362"><subfield code="a">Vol. 117, no. 34 (Jan. 24, 1974)-v. 125, no. 16 (Sept. 17, 1981).</subfield></datafield><datafield ind1=" " ind2=" " tag="752"><subfield code="a">United States</subfield><subfield code="b">Pennsylvania</subfield><subfield code="c">Berks</subfield><subfield code="d">Boyertown.</subfield></datafield><datafield ind1="0" ind2="0" tag="780"><subfield code="t">Times of Boyertown and Birdsboro dispatch</subfield><subfield code="w">(DLC)sn 88079602</subfield></datafield><datafield ind1="0" ind2="0" tag="785"><subfield code="t">Boyertown area times</subfield><subfield code="w">(DLC)sn 88079610</subfield></datafield></record>